<?xml version="1.0" encoding="UTF-8"?><collection xmlns="http://www.loc.gov/MARC21/slim"><record><leader>00354nam--2200121-i-4500</leader><controlfield tag="001">000005378</controlfield><controlfield tag="002">20161230</controlfield><controlfield tag="005">20170222182725</controlfield><controlfield tag="008">060222s1000------------r-----000-0-eng-d</controlfield><datafield ind1=" " ind2=" " tag="245"><subfield code="a">Centrno brasileiro de pesquisas fisicas. Information</subfield></datafield><datafield ind1=" " ind2=" " tag="260"><subfield code="a">Rio De Janeiro</subfield><subfield code="b">Centro Brasileiro De Pesquisas Fisicas</subfield><subfield code="c">1960</subfield></datafield><datafield ind1=" " ind2=" " tag="300"><subfield code="a">36 p</subfield></datafield><datafield ind1=" " ind2=" " tag="CAT"><subfield code="a">SYS</subfield><subfield code="c">20170222</subfield><subfield code="h">182725</subfield></datafield></record></collection>